<record><leader>00000cas a2200000 a 4500</leader><controlfield tag="001">9941468</controlfield><controlfield tag="008">830923d19241996nyuwr ne      0   a0eng c</controlfield><datafield ind1=" " ind2=" " tag="010"><subfield code="a">sn 83031249 </subfield></datafield><datafield ind1=" " ind2=" " tag="040"><subfield code="a">NPU</subfield><subfield code="b">eng</subfield><subfield code="c">NPU</subfield><subfield code="d">NSD</subfield><subfield code="d">NPX</subfield><subfield code="d">NYS</subfield><subfield code="d">NSD</subfield><subfield code="d">NYS</subfield><subfield code="d">OCLCQ</subfield><subfield code="d">OCLCF</subfield><subfield code="d">OCLCO</subfield></datafield><datafield ind1=" " ind2=" " tag="012"><subfield code="m">d</subfield></datafield><datafield ind1="1" ind2=" " tag="022"><subfield code="a">8750-5657</subfield><subfield code="l">8750-5657</subfield><subfield code="2">1</subfield></datafield><datafield ind1="1" ind2=" " tag="029"><subfield code="a">AU@</subfield><subfield code="b">000020343631</subfield></datafield><datafield ind1=" " ind2=" " tag="042"><subfield code="a">pcc</subfield><subfield code="a">nsdp</subfield></datafield><datafield ind1=" " ind2=" " tag="043"><subfield code="a">n-us-ny</subfield></datafield><datafield ind1="0" ind2=" " tag="130"><subfield code="a">Freeman's journal (Cooperstown, N.Y. : 1924)</subfield></datafield><datafield ind1=" " ind2="4" tag="222"><subfield code="a">The Freeman's journal</subfield><subfield code="b">(Cooperstown, N.Y. 1924)</subfield></datafield><datafield ind1="0" ind2="4" tag="245"><subfield code="a">The freeman's journal.</subfield></datafield><datafield ind1="0" ind2="0" tag="246"><subfield code="a">Cooperstown freeman's journal</subfield></datafield><datafield ind1="0" ind2="0" tag="246"><subfield code="a">Sunday freeman's journal</subfield></datafield><datafield ind1=" " ind2=" " tag="260"><subfield code="a">Cooperstown, N.Y. :</subfield><subfield code="b">The Freeman's Journal Co.,</subfield><subfield code="c">1924-</subfield></datafield><datafield ind1=" " ind2=" " tag="300"><subfield code="a">v. :</subfield><subfield code="b">ill. ;</subfield><subfield code="c">59 cm.</subfield></datafield><datafield ind1=" " ind2=" " tag="310"><subfield code="a">Weekly</subfield></datafield><datafield ind1="0" ind2=" " tag="362"><subfield code="a">Vol. 116, no. 36 (Apr. 2, 1924)-</subfield></datafield><datafield ind1="1" ind2=" " tag="362"><subfield code="a">Ceased July 10, 1996.</subfield></datafield><datafield ind1=" " ind2=" " tag="500"><subfield code="a">Published as: Sunday freeman's journal, &lt;May 6-July 1, 1973&gt;.</subfield></datafield><datafield ind1=" " ind2=" " tag="500"><subfield code="a">"Cooperstown" appears superimposed over title in masthead, Jan. 23-May 15, 1991.</subfield></datafield><datafield ind1=" " ind2=" " tag="500"><subfield code="a">Publishers: Freeman's Journal Co., 1922-&lt;1949&gt;; Frederick W. Lee, Jr., &lt;1972&gt;; Miller Pub. Co., &lt;Jan. 23, 1991&gt;; WTF Media, Inc., &lt;May 22, 1991&gt;-    .</subfield></datafield><datafield ind1=" " ind2=" " tag="500"><subfield code="a">Published on Wednesday, &lt;1987-1988&gt;.</subfield></datafield><datafield ind1=" " ind2=" " tag="580"><subfield code="a">Daily summer ed.: Glimmerglass.</subfield></datafield><datafield ind1=" " ind2=" " tag="580"><subfield code="a">Friday eds.: Freeman's journal weekender, June 19-Sept. 11, 1987; Freeman's journal (Cooperstown, N.Y. : Friday ed.), Sept. 18, 1987-1988.</subfield></datafield><datafield ind1=" " ind2="0" tag="651"><subfield code="a">Cooperstown (N.Y.)</subfield><subfield code="v">Newspapers.</subfield></datafield><datafield ind1=" " ind2="0" tag="651"><subfield code="a">Otsego County (N.Y.)</subfield><subfield code="v">Newspapers.</subfield></datafield><datafield ind1=" " ind2="7" tag="655"><subfield code="a">Newspapers.</subfield><subfield code="2">fast</subfield><subfield code="0">(OCoLC)fst01423814</subfield></datafield><datafield ind1=" " ind2="7" tag="651"><subfield code="a">New York (State)</subfield><subfield code="z">Cooperstown.</subfield><subfield code="2">fast</subfield><subfield code="0">(OCoLC)fst01219225</subfield></datafield><datafield ind1=" " ind2="7" tag="651"><subfield code="a">New York (State)</subfield><subfield code="z">Otsego County.</subfield><subfield code="2">fast</subfield><subfield code="0">(OCoLC)fst01207820</subfield></datafield><datafield ind1=" " ind2=" " tag="752"><subfield code="a">United States</subfield><subfield code="b">New York</subfield><subfield code="c">Otsego</subfield><subfield code="d">Cooperstown.</subfield></datafield><datafield ind1="1" ind2=" " tag="775"><subfield code="t">Glimmerglass</subfield><subfield code="w">(DLC)sn 83031205</subfield></datafield><datafield ind1="1" ind2=" " tag="775"><subfield code="t">Freeman's journal weekender</subfield><subfield code="w">(DLC)sn 91066401</subfield></datafield><datafield ind1="1" ind2=" " tag="775"><subfield code="t">Freeman's journal (Cooperstown, N.Y. : Friday ed.)</subfield><subfield code="w">(DLC)sn 91066402</subfield></datafield><datafield ind1="0" ind2="0" tag="780"><subfield code="t">Freeman's journal and the Oneonta press</subfield><subfield code="w">(DLC)sn 91066400</subfield></datafield><datafield ind1="0" ind2="5" tag="780"><subfield code="t">Richfield Springs Mercury</subfield><subfield code="g">1973</subfield><subfield code="w">(DLC)sn 84026341</subfield></datafield><datafield ind1="0" ind2="5" tag="780"><subfield code="t">Weekly pioneer (Palatine Bridge, N.Y.)</subfield><subfield code="w">(DLC)sn 88074731</subfield></datafield><datafield ind1="0" ind2="0" tag="785"><subfield code="t">Cooperstown independent</subfield><subfield code="x">1089-8816</subfield><subfield code="w">(DLC)sn 96003358</subfield><subfield code="w">(OCoLC)35161330</subfield></datafield></record>